@article{Williams2009,
author = {Williams, Samuel and Waterman, Andrew and Patterson, David},
title = {Roofline: An Insightful Visual Performance Model for Multicore Architectures},
year = {2009},
volume = {52},
number = {4},
journal = {Commun. ACM},
pages = {65–76}
}





@article{Sleator1985,
author = {Sleator, Daniel D. and Tarjan, Robert E.},
title = {Amortized Efficiency of List Update and Paging Rules},
year = {1985},
volume = {28},
number = {2},
journal = {Commun. ACM},
pages = {202–208}
}

@INPROCEEDINGS{Benoit20_cluster,
        AUTHOR             = {Anne Benoit and Valentin {Le F\`evre} and Lucas Perotin and Padma Raghavan and Yves Robert and Hongyang Sun},
        BOOKTITLE          = {{IEEE Cluster}},
        TITLE              = {Resilient scheduling of moldable jobs on failure-prone platforms},
        YEAR               = {2020}
}

@InProceedings{Feitelson96,
author="Feitelson, Dror G.
and Rudolph, Larry",
title="Toward convergence in job schedulers for parallel supercomputers",
booktitle="Job Scheduling Strategies for Parallel Processing",
year="1996",
publisher="Springer",
pages="1-26",
}

@TechReport{rr9296,
  title =        {Design and Comparison of Resilient Scheduling Heuristics for Parallel Jobs},
  author =       {Anne Benoit and Valentin {Le F\`evre} and Padma Raghavan and Yves Robert and Hongyang Sun},
  institution =  "INRIA",
  number =       "RR-9296",
  year =         2019,
  type =         {Research Report}
 }

@TechReport{rr9340,
  title =        {Scheduling Moldable Jobs on Failure-Prone Platforms},
  author =       {Anne Benoit and Valentin {Le F\`evre} and Lucas Perotin and Padma Raghavan and Yves Robert and Hongyang Sun},
  institution =  "INRIA",
  number =       "RR-9340",
  year =         2020,
  type =         {Research Report}
 }

@TechReport{rr9340v2,
  title =        {Resilient Scheduling of Moldable Parallel Jobs to Cope with Silent Errors},
  author =       {Anne Benoit and Valentin {Le F\`evre} and Lucas Perotin and Padma Raghavan and Yves Robert and Hongyang Sun},
  institution =  "INRIA",
  number =       "RR-9340, version 2",
  year =         2021,
  type =         {Research Report}
 }

@article{Benoit21_ieeetc,
  title =        {Resilient Scheduling of Moldable Parallel Jobs to Cope with Silent Errors},
  author =       {Anne Benoit and Valentin {Le F\`evre} and Lucas Perotin and Padma Raghavan and Yves Robert and Hongyang Sun},
  journal="IEEE Transactions on Computers",
  volume="71",
  number="07",
  pages = "1696--1710",
  year="2022"
 }

@article{Benoit20_rigid_ijnc,
author="Anne Benoit and Valentin {Le F\`evre} and Padma Raghavan and Yves Robert and Hongyang Sun",
title="Resilient Scheduling Heuristics for Rigid Parallel Jobs",
journal="IJNC",
year="2021",
volume="11",
number= "1"
}



@InProceedings{Benoit20_rigid,
author="Anne Benoit and Valentin {Le F\`evre} and Padma Raghavan and Yves Robert and Hongyang Sun",
title="Design and Comparison of Resilient Scheduling Heuristics for Parallel Jobs",
booktitle="APDCM",
year="2020",
}

 @proceedings{springer-monograph,
  editor =	 {Thomas Herault and Yves Robert},
  title = 	 {{Fault-Tolerance Techniques for High-Performance Computing}},
  publisher = 	 {Springer Verlag},
  series = {Computer Communications and Networks},
  year = 	 {2015}
}

@article{Baker83,
author = {Baker, B. and Schwarz, J.},
title = {Shelf Algorithms for Two-Dimensional Packing Problems},
journal = {SIAM Journal on Computing},
volume = {12},
number = {3},
pages = {508-525},
year = {1983}
}

@inproceedings{Jansen12_rigid,
 author = {Jansen, Klaus},
 title = {A (3/2+{$\epsilon$}) Approximation Algorithm for Scheduling Moldable and Non-moldable Parallel Tasks},
 booktitle = {SPAA},
 year = {2012},
 location = {Pittsburgh, Pennsylvania, USA},
 pages = {224--235},
 }
Nino-Mora

@Book{GareyJohnson,
  author =       "M. R. Garey and D. S. Johnson",
  title =        "Computers and Intractability, a Guide to the Theory of
                 {NP}-Completeness",
  publisher = "W.H. Freeman and Company",
  year =         "1979"
}

@ARTICLE{Ziegler98,
author={Ziegler, J.F. and Nelson, M.E. and Shell, J.D. and Peterson, R.J. and Gelderloos, C.J. and Muhlfeld, H.P. and Montrose, C.J.},
journal={IEEE Journal of Solid-State Circuits},
title={{Cosmic ray soft error rates of 16-Mb {DRAM} memory chips}},
year={1998},
volume={33},
number={2},
pages={246-252}
}

@ARTICLE{Ogorman94,
author={O'Gorman, T.J.},
journal={IEEE Trans. Electron Devices},
title={{The effect of cosmic rays on the soft error rate of a {DRAM} at ground level}},
year={1994},
volume={41},
number={4},
pages={553-557}
}



@article{YE2011,
title = "Online multiple-strip packing",
journal = "Theoretical Computer Science",
author = "Deshi Ye and Xin Han and Guochuan Zhang",
volume = "412",
number = "3",
pages = "233-239",
year = "2011"
}

@article{LODI2002,
title = "Two-dimensional packing problems: A survey",
journal = "European Journal of Operational Research",
author = "Andrea Lodi and Silvano Martello and Michele Monaci",
volume = "141",
number = "2",
pages = "241-252",
year = "2002"
}

@Article{Johannes2006,
author="Johannes, Berit",
title="Scheduling parallel jobs to minimize the makespan",
journal="Journal of Scheduling",
year="2006",
volume="9",
number="5",
pages="433-452"
}



@InProceedings{Hurink2008,
author="Hurink, Johann L. and Paulus, Jacob Jan",
editor="Kaklamanis, Christos
and Skutella, Martin",
title="Online Algorithm for Parallel Job Scheduling and Strip Packing",
booktitle="Approximation and Online Algorithms",
year="2008",
publisher="Springer",
pages="67-74"
}


@InProceedings{Han2007,
author="Han, Xin
and Iwama, Kazuo
and Ye, Deshi
and Zhang, Guochuan",
editor="Kao, Ming-Yang
and Li, Xiang-Yang",
title="Strip Packing vs. Bin Packing",
booktitle="Algorithmic Aspects in Information and Management",
year="2007",
publisher="Springer",
pages="358-367",
}

@incollection{Csirik1998,
author="Csirik, J{\'a}nos and Woeginger, Gerhard J.",
editor="Fiat, Amos and Woeginger, Gerhard J.",
chapter=7,
title="On-line packing and covering problems",
booktitle="Online Algorithms: The State of the Art",
year="1998",
publisher="Springer",
pages="147-177"
}

@article{CSIRIK1997,
title = "Shelf algorithms for on-line strip packing",
journal = "Information Processing Letters",
author = "János Csirik and Gerhard J. Woeginger",
volume = "63",
number = "4",
pages = "171-175",
year = "1997"
}

@misc{ndenoygithub,
	author = {Nicolas Denoyelle},
	title = {{Instanciate the Cache Aware Roofline Model on single socket and multisocket systems.}},
	howpublished = "\url{https://github.com/NicolasDenoyelle/Locality-Aware-Roofline-Model}",
	year = {2017}
}

@inproceedings{DBLP:conf/sc/DenoyelleGIJS17,
  author    = {Nicolas Denoyelle and
               Brice Goglin and
               Aleksandar Ilic and
               Emmanuel Jeannot and
               Leonel Sousa},
  title     = {Modeling Large Compute Nodes with Heterogeneous Memories with Cache-Aware
               Roofline Model},
  booktitle = {High Performance Computing Systems. Performance Modeling, Benchmarking,
               and Simulation - 8th International Workshop, {PMBS} 2017, Denver,
               CO, USA, November 13, 2017, Proceedings},
  pages     = {91--113},
  year      = {2017},
  url       = {https://doi.org/10.1007/978-3-319-72971-8_5},
  doi       = {10.1007/978-3-319-72971-8_5},
  timestamp = {Wed, 03 Jan 2018 18:14:11 +0100},
  biburl    = {http://dblp.org/rec/bib/conf/sc/DenoyelleGIJS17},
  bibsource = {dblp computer science bibliography, http://dblp.org}
}


@TechReport{rr9140,
  title =        {Scheduling Parallel Tasks under Multiple Resources: List Scheduling vs. Pack Scheduling},
  author =       {Hongyang Sun and Redouane Elghazi and Ana Gainaru and Guillaume Aupy and Padma Raghavan},
  institution =  "INRIA",
  number =       "RR-9140",
  year =         2018,
  type =         {Research Report}
 }

 @inproceedings{verma2008power,
  title={{Power-aware dynamic placement of HPC applications}},
  author={Verma, Akshat and Ahuja, Puneet and Neogi, Anindya},
  booktitle={Proceedings of the 22nd annual international conference on Supercomputing},
  pages={175--184},
  year={2008},
  organization={ACM}
}

@inproceedings{yoo2003slurm,
  title={Slurm: Simple linux utility for resource management},
  author={Yoo, Andy B and Jette, Morris A and Grondona, Mark},
  booktitle={JSSPP},
  pages={44--60},
  year={2003},
}

@inproceedings{dreher2014flexible,
  title={A flexible framework for asynchronous in situ and in transit analytics for scientific simulations},
  author={Dreher, Matthieu and Raffin, Bruno},
  booktitle={CCGrid},
  pages={277--286},
  year={2014},
}

@misc{ska,
	author = {Hamish Barwick},
	title = {{SKA telescope to generate more data than entire Internet in 2020}},
	howpublished = "\url{https://www.computerworld.com.au/article/392735/ska_telescope_generate_more_data_than_entire_internet_2020/}",
	year = {2011}
}

@inproceedings{gainaru2015scheduling,
  title={Scheduling the {I/O} of {HPC} applications under congestion},
  author={Gainaru, Ana and Aupy, Guillaume and Benoit, Anne and Cappello, Franck and Robert, Yves and Snir, Marc},
  booktitle={IPDPS},
  pages={1013--1022},
  year={2015},
}

@techreport{Shachnai94_multiresource,
     title = {Multiresource Malleable Task Scheduling},
     author = {Hadas Shachnai and John J. Turek},
     year = {1994},
     institution = {IBM T.J. Watson Research Center},
}

@Article{Aupy16_coscheduling,
author="Aupy, Guillaume
and Shantharam, Manu
and Benoit, Anne
and Robert, Yves
and Raghavan, Padma",
title="Co-scheduling algorithms for high-throughput workload execution",
journal="Journal of Scheduling",
year="2016",
volume="19",
number="6",
pages="627--640",
}

@article{Williams2009_roofline,
 author = {Williams, Samuel and Waterman, Andrew and Patterson, David},
 title = {Roofline: An Insightful Visual Performance Model for Multicore Architectures},
 journal = {Commun. ACM},
 issue_date = {April 2009},
 volume = {52},
 number = {4},
 month = apr,
 year = {2009},
 issn = {0001-0782},
 pages = {65--76},
 numpages = {12},
 url = {http://doi.acm.org/10.1145/1498765.1498785},
 doi = {10.1145/1498765.1498785},
 acmid = {1498785},
 publisher = {ACM},
 address = {New York, NY, USA},
}

@article{Ilic2014_CARM,
 author = {Ilic, Aleksandar and Pratas, Frederico and Sousa, Leonel},
 title = {Cache-aware Roofline Model: Upgrading the Loft},
 journal = {IEEE Comput. Archit. Lett.},
 issue_date = {January 2014},
 volume = {13},
 number = {1},
 month = jan,
 year = {2014},
 issn = {1556-6056},
 pages = {21--24},
 numpages = {4},
 url = {http://dx.doi.org/10.1109/L-CA.2013.6},
 doi = {10.1109/L-CA.2013.6},
 acmid = {2776841},
 publisher = {IEEE Computer Society},
 address = {Washington, DC, USA},
}

@article{KNL,
 author = {Avinash Sodani and  Roger Gramunt and Jesus Corbal and Ho-Seop Kim and  Krishna Vinod and  Sundaram Chinthamani and Steven Hutsell and Rajat Agarwal and Yen-Chen Liu},
 title = {{Knights Landing}: Second-Generation {Intel Xeon Phi} Product},
 journal = {IEEE Micro},
 volume = {36},
 number = {2},
 year = {2016},
 pages = {34--46},
}

@inproceedings{Caccamo2013_MemoryBW,
 author = {Caccamo, Marco and Pellizzoni, Rodolfo and Sha, Lui and Yao, Gang and Yun, Heechul},
 title = {{MemGuard: Memory Bandwidth Reservation System for Efficient Performance Isolation in Multi-core Platforms}},
 booktitle = {Proceedings of the IEEE Real-Time and Embedded Technology and Applications Symposium (RTAS'13)},
 year = {2013},
 pages = {55--64},
}

@article{Feitelson97,
author = {Dror G. Feitelson},
title = {Job Scheduling in Multiprogrammed Parallel Systems (Extended Version)},
journal = {IBM Research Report RC19790(87657)},
year = {1997},
}

@inproceedings{Amdahl67,
 author = {Amdahl, Gene M.},
 title = {Validity of the Single Processor Approach to Achieving Large Scale Computing Capabilities},
 booktitle = {AFIPS'67},
 year = {1967},
 pages = {483--485},
}
 location = {Atlantic City, New Jersey},

@article{Prasanna96_speedup,
 author = {G. N. S. Prasanna and B. R. Musicus},
 title = {Generalized multiprocessor scheduling and applications to matrix computations},
 journal = {IEEE Trans. Parallel Distrib. Syst.},
 volume = {7},
 number = {6},
 year = {1996},
 pages = {650-–664},
}

@article{Hartstein06_cache,
 author = {A. Hartstein and V. Srinivasan and T. Puzak and P. Emma},
 title = {On the Nature of Cache Miss Behavior: Is It $\sqrt{2}$?},
 journal = {J. Instruction-Level Parallelism},
 year = {2008},
}

@article{Mounie07_dualapprox,
 author = {Gregory Mouni\'{e} and Christophe Rapine and Denis Trystram},
 title = {A 3/2-Approximation Algorithm for Scheduling Independent Monotonic Malleable Tasks},
 journal = {SIAM J. Comput.},
 volume = {37},
 number = {2},
 year = {2007},
 pages = {401--412},
}

@Article{Coffman80_packing,
author="E. G. Coffman and M. R. Garey and D. S. Johnson and R. E. Tarjan",
title="Performance Bounds for Level-Oriented Two-Dimensional Packing Algorithms",
journal="SIAM J. Comput.",
year="1980",
volume="9",
number="4",
pages="808–826",
}

@INPROCEEDINGS{Belkhale90_approximate,
    author = {Krishna P. Belkhale and Prithviraj Banerjee},
    title = {An Approximate Algorithm for the Partitionable Independent Task Scheduling Problem},
    booktitle = {ICPP},
    year = {1990},
    pages = {72--75}
}

@inproceedings{Beaumont07,
 author = {Beaumont, Olivier and Guermouche, Abdou},
 title = {Task Scheduling for Parallel Multifrontal Methods},
 booktitle = {Euro-Par},
 year = {2007},
 location = {Rennes, France},
 pages = {758--766},
}

@inproceedings{Sanders11,
 author = {Sanders, Peter and Speck, Jochen},
 title = {Efficient Parallel Scheduling of Malleable Tasks},
 booktitle = {IPDPS},
 year = {2011},
 pages = {1156--1166},
}

@inproceedings{Guermouche15,
 author = {Abdou Guermouche and Loris Marchal and Bertrand Simon and Frédéric Vivien},
 title = {Scheduling Trees of Malleable Tasks for Sparse Linear Algebra},
 booktitle = {Euro-Par},
 year = {2015},
 pages = {479--490},
}

@book{Garey79_NPComplete,
 author = {Garey, Michael R. and Johnson, David S.},
 title = {{Computers and Intractability: A Guide to the Theory of NP-Completeness}},
 year = {1979},
 isbn = {0716710447},
 publisher = {W. H. Freeman \& Co.},
 address = {New York, NY, USA},
}

@Article{Shantharam13_packing,
author="Manu Shantharam and Youngtae Youn and Padma Raghavan",
title="Speedup-Aware Co-Schedules for Efficient Workload Management",
journal="Parallel Proc. Letters",
year="2013",
volume="23",
number="2",
}

@inproceedings{Turek92,
 author = {Turek, John and Wolf, Joel L. and Yu, Philip S.},
 title = {Approximate Algorithms Scheduling Parallelizable Tasks},
 booktitle = {SPAA},
 year = {1992},
 location = {San Diego, California, USA},
}

@ARTICLE{Feldmann94,
    author = {Feldmann, Anja and Sgall, Ji\v{r}\'{\i} and Teng, Shang-Hua},
    title = {Dynamic scheduling on parallel machines},
    journal = {Theoretical Computer Science},
    year = {1994},
    volume = {130},
    number = {1},
    pages = {49--72},
}

@inproceedings{Ludwig94,
 author = {Ludwig, Walter and Tiwari, Prasoon},
 title = {Scheduling Malleable and Nonmalleable Parallel Tasks},
 booktitle = {SODA},
 year = {1994},
 location = {Arlington, Virginia, USA},
 pages = {167--176},
}

@ARTICLE{Garey75_multiresource,
    author = {M. R. Garey and R. L. Graham},
    title = {Bounds for multiprocessor scheduling with resource constraints},
    journal = {SIAM J. Comput.},
    year = {1975},
    volume = {4},
    number = {2},
    pages = {187--200},
}

@article{Graham69,
author = {Graham, R. L.},
title = {Bounds on Multiprocessing Timing Anomalies},
journal = {SIAM Journal on Applied Mathematics},
volume = {17},
number = {2},
pages = {416-429},
year = {1969},
}

@inproceedings{He07_multiresource,
 author = {Yuxiong He and Hongyang Sun and Wen-Jing Hsu},
 title = {Adaptive Scheduling of Parallel Jobs on Functionally Heterogeneous Resources},
 booktitle = {ICPP},
 year = {2007},
 pages = {43},
}

@article{Johannes06_list,
 author = {Johannes, Berit},
 title = {Scheduling Parallel Jobs to Minimize the Makespan},
 journal = {J. of Scheduling},
 volume = {9},
 number = {5},
 year = {2006},
 pages = {433-452},
}

@article{Naroska02_list,
 author = {Naroska, Edwin and Schwiegelshohn, Uwe},
 title = {On an On-line Scheduling Problem for Parallel Jobs},
 journal = {Inf. Process. Lett.},
 volume = {81},
 number = {6},
 year = {2002},
 pages = {297--304},
}

@article{Bruno81_stochastic,
 author = {Bruno, J. and Downey, P. and Frederickson, G. N.},
 title = {Sequencing Tasks with Exponential Service Times to Minimize the Expected Flow Time or Makespan},
 journal = {J. ACM},
 volume = {28},
 number = {1},
 year = {1981},
 pages = {100--113},
}

@article{Weiss80_stochastic,
 author = {Weiss, G. and Pinedo M.},
 title = {Scheduling tasks with exponential service times on non-identical processors to minimize various cost functions},
 journal = {J Appl Probab},
 volume = {17},
 number = {1},
 year = {1980},
 pages = {187--202},
}

@article{Weber82_stochastic,
author={Weber, R. R.},
title={Scheduling Jobs with Stochastic Processing Requirements on Parallel Machines to Minimize Makespan or Flowtime},
journal = {J Appl Probab},
 volume = {19},
 number = {1},
 year = {1982},
 pages = {167--182},
}

@inproceedings{Goel99_stochastic,
 author = {Goel, Ashish and Indyk, Piotr},
 title = {Stochastic Load Balancing and Related Problems},
 booktitle = {Proceedings of the 40th Annual Symposium on Foundations of Computer Science (FOCS)},
 year = {1999},
}

@inproceedings{Kleinberg97_stochastic,
 author = {Kleinberg, Jon and Rabani, Yuval and Tardos, \'{E}va},
 title = {Allocating Bandwidth for Bursty Connections},
 booktitle = {Proceedings of the 29th Annual ACM Symposium on Theory of Computing (STOC)},
 year = {1997},
 location = {El Paso, Texas, USA},
 pages = {664--673},
}

@Book{Pinedo08,
  author =   {Michael L. Pinedo},
  title =    {{Scheduling: Theory, Algorithms, and Systems}},
  publisher =    {Springer-Verlag New York, Inc.},
  year =     {2008},
  edition =      {{T}hird}
}

@article{NinoMora09,
 author = {{Ni\~{n}o-Mora}, Jos\'{e}},
 title = {Stochastic Scheduling},
 journal = {Encyclopedia of Optimization},
 year = {2009},
 pages = {3818--3824},
}

@article{Chandy75_stochastic,
 author = {Chandy, K. M. and Reynolds, P. F.},
 title = {Scheduling Partially Ordered Tasks with Probabilistic Execution Times},
 journal = {SIGOPS Oper. Syst. Rev.},
 volume = {9},
 number = {5},
 year = {1975},
 pages = {169--177},
}

@inproceedings{Jackson01_maui,
 author = {Jackson, David B. and Snell, Quinn and Clement, Mark J.},
 title = {{Core Algorithms of the Maui Scheduler}},
 booktitle = {JSSPP},
 year = {2001},
 pages = {87--102},
}

@INPROCEEDINGS{Yoo03_slurm,
author = "Andy B. Yoo and Morris A. Jette and Mark Grondona",
title = {{SLURM: Simple Linux Utility for Resource Management}},
booktitle = "JSSPP",
year = "2003",
pages = "44-60"
}

@inproceedings{Staples06_torque,
 author = {Staples, Garrick},
 title = {{TORQUE} Resource Manager},
 booktitle = {Proceedings of the ACM/IEEE Conference on Supercomputing},
 year = {2006},
 location = {Tampa, Florida},
 articleno = {8},
}

@article{Mualem01_conservative,
 author = {Mu'alem, Ahuva W. and Feitelson, Dror G.},
 title = {{Utilization, Predictability, Workloads, and User Runtime Estimates in Scheduling the IBM SP2 with Backfilling}},
 journal = {IEEE Trans. Parallel Distrib. Syst.},
 volume = {12},
 number = {6},
 year = {2001},
 pages = {529--543},
}

@inproceedings{Lifka95_easy,
 author = {Lifka, David A.},
 title = {{The ANL/IBM SP Scheduling System}},
 booktitle = {JSSPP},
 year = {1995},
 pages = {295--303},
}

@inproceedings{Skovira96_easy,
 author = {Skovira, Joseph and Chan, Waiman and Zhou, Honbo and Lifka, David A.},
 title = {{The EASY - LoadLeveler API Project}},
 booktitle = {JSSPP},
 year = {1996},
 pages = {41--47},
}

@INPROCEEDINGS{Srinivasan02_backfilling,
author={S. {Srinivasan} and R. {Kettimuthu} and V. {Subramani} and P. {Sadayappan}},
booktitle={International Conference on Parallel Processing Workshop},
title={Characterization of backfilling strategies for parallel job scheduling},
year={2002},
}

@ARTICLE{Gaussier18_backfilling,
author={E. {Gaussier} and J. {Lelong} and V. {Reis} and D. {Trystram}},
journal={IEEE Transactions on Parallel and Distributed Systems},
title={Online Tuning of {EASY}-Backfilling using Queue Reordering Policies},
year={2018},
volume={29},
number={10},
pages={2304-2316},
}

@inproceedings{Wong07_backfilling,
 author = {Wong, Adam K. L. and Goscinski, Andrzej M.},
 title = {Evaluating the {EASY}-backfill Job Scheduling of Static Workloads on Clusters},
 booktitle = {CLUSTER},
 year = {2007},
}

@article{Snir14_exascale,
 author = {{Marc Snir et al.}},
  badauthor = {Snir, Marc and Wisniewski, Robert W and Abraham, Jacob A and Adve, Sarita V and Bagchi, Saurabh and Balaji, Pavan and Belak, Jim and Bose, Pradip and Cappello, Franck and Carlson, Bill and Chien, Andrew A and Coteus, Paul and Debardeleben, Nathan A and Diniz, Pedro C and Engelmann, Christian and Erez, Mattan and Fazzari, Saverio and Geist, Al and Gupta, Rinku and Johnson, Fred and Krishnamoorthy, Sriram and Leyffer, Sven and Liberty, Dean and Mitra, Subhasish and Munson, Todd and Schreiber, Rob and Stearley, Jon and Hensbergen, Eric Van},
 title = {Addressing Failures in Exascale Computing},
 journal = {Int. J. High Perform. Comput. Appl.},
 volume = {28},
 number = {2},
 year = {2014},
 pages = {129--173},
}

@article{Chen13_abft,
 author = {Chen, Zizhong},
 title = {Online-{ABFT}: An Online Algorithm Based Fault Tolerance Scheme for Soft Error Detection in Iterative Methods},
 journal = {SIGPLAN Not.},
 issue_date = {August 2013},
 volume = {48},
 number = {8},
 year = {2013},
 pages = {167--176},
}

@inproceedings{Wu11_abft,
 author = {Wu, Panruo and Ding, Chong and Chen, Longxiang and Gao, Feng and Davies, Teresa and Karlsson, Christer and Chen, Zizhong},
 title = {Fault Tolerant Matrix-matrix Multiplication: Correcting Soft Errors On-line},
 booktitle = {ScalA'11},
 year = {2011},
 location = {Seattle, Washington, USA},
 pages = {25--28},
}

@article{Huang84_abft,
 author = {Kuang-Hua Huang and Abraham, J. A.},
 title = {Algorithm-Based Fault Tolerance for Matrix Operations},
 journal = {IEEE Trans. Comput.},
 issue_date = {June 1984},
 volume = {33},
 number = {6},
 year = {1984},
 pages = {518--528},
}

@inproceedings{Feitelson97_scheduling,
 author = {Feitelson, Dror G. and Rudolph, Larry and Schwiegelshohn, Uwe and Sevcik, Kenneth C. and Wong, Parkson},
 title = {Theory and Practice in Parallel Job Scheduling},
 booktitle = {JSSPP},
 year = {1997},
 pages = {1--34},
}


@inproceedings{Leinberger99,
 author = {Leinberger, William and Karypis, George and Kumar, Vipin},
 title = {Job Scheduling in the Presence of Multiple Resource Requirements},
 booktitle = {Supercomputing},
 year = {1999},
}

@inproceedings{He11_MQB,
 author = {Yuxiong He and Jie Liu and Hongyang Sun},
 title = {Scheduling Functionally Heterogeneous Systems with Utilization Balancing},
 booktitle = {IPDPS},
 year = {2011},
 pages = {1187--1198},
}

@inproceedings{Ghodsi11_DRF,
 author = {Ghodsi, Ali and Zaharia, Matei and Hindman, Benjamin and Konwinski, Andy and Shenker, Scott and Stoica, Ion},
 title = {Dominant Resource Fairness: Fair Allocation of Multiple Resource Types},
 booktitle = {Proceedings of the 8th USENIX Conference on Networked Systems Design and Implementation},
 year = {2011},
 pages = {323--336},
}

@article{Grandl_14_MPC,
 author = {Grandl, Robert and Ananthanarayanan, Ganesh and Kandula, Srikanth and Rao, Sriram and Akella, Aditya},
 title = {Multi-resource Packing for Cluster Schedulers},
 journal = {SIGCOMM Comput. Commun. Rev.},
 volume = {44},
 number = {4},
 month = aug,
 year = {2014},
 pages = {455--466},
}

@inproceedings{NoroozOliaee14_Online,
 author = {MohammadJavad NoroozOliaee and Bechir Hamdaoui and  Mohsen Guizani and  Mahdi Ben Ghorbel},
 title = {Online multi-resource scheduling for minimum task completion time in cloud servers},
 booktitle = {INFOCOM Workshops},
 year = {2014},
}

@TECHREPORT{McCalpin2007,
  author = {John D. McCalpin},
  title = {{STREAM}: Sustainable Memory Bandwidth in High Performance Computers},
  institution = {University of Virginia},
  year = {1991-2007},
  note = {http://www.cs.virginia.edu/stream/},
  url = {http://www.cs.virginia.edu/stream/}
}

@TECHREPORT{Sun2017_multiresource,
  author = {Hongyang Sun and Redouane Elghazi and Ana Gainaru and Guillaume Aupy and Padma Raghavan},
  title = {Scheduling Parallel Tasks under Multiple Resources: List Scheduling vs. Pack Scheduling},
  institution = {Vanderbilt University},
  year = {2017},
  note = {http://scl.vuse.vanderbilt.edu/publications/multiresouce.pdf},
  url = {http://scl.vuse.vanderbilt.edu/publications/multiresouce.pdf}
}

@inproceedings{Jansen1999_PTAS,
 author = {Jansen, Klaus and Porkolab, Lorant},
 title = {Linear-time Approximation Schemes for Scheduling Malleable Parallel Tasks},
 booktitle = {SODA},
 year = {1999},
 pages = {490--498},
}

@article{Baker80_BL,
 author = {Brenda S. Baker and E. G. Coffman  and Ronald L. Rivest},
 title = {Orthogonal Packings in Two Dimensions},
 journal = {SIAM Journal on Computing},
 volume = {9},
 number = {4},
 year = {1980},
 pages = {846–855},
}

@Article{Li99_DAG,
author="Li, Keqin",
title="Analysis of the List Scheduling Algorithm for Precedence Constrained Parallel Tasks",
journal="Journal of Combinatorial Optimization",
year="1999",
volume="3",
number="1",
pages="73--88",
}

@Article{Feldmann98_DAG,
author="Feldmann, Anja
and Kao, Ming-Yang
and Sgall, Ji{\v{r}}{\'i}
and Teng, Shang-Hua",
title="Optimal On-Line Scheduling of Parallel Jobs with Dependencies",
journal="Journal of Combinatorial Optimization",
year="1998",
volume="1",
number="4",
pages="393--411",
}

@Article{Chen97_Online,
author="Bo Chen and Arjen P.A. Vestjens",
title="Scheduling on identical machines: How good is {LPT} in an on-line setting",
journal="Operations Research Letters",
year="1997",
volume="21",
number="4",
pages="165--169",
}

@article{Shmoys95_Online,
 author = {Shmoys, David B. and Wein, Joel and Williamson, David P.},
 title = {Scheduling Parallel Machines On-line},
 journal = {SIAM J. Comput.},
 volume = {24},
 number = {6},
 year = {1995},
 pages = {1313--1331},
}

@Article{Ye09_strippacking,
author="Ye, Deshi
and Han, Xin
and Zhang, Guochuan",
title="A note on online strip packing",
journal="Journal of Combinatorial Optimization",
year="2009",
volume="17",
number="4",
pages="417--423",
}

@inproceedings{Bautista14_SDC,
 author = {Bautista Gomez, Leonardo and Cappello, Franck},
 title = {Detecting Silent Data Corruption Through Data Dynamic Monitoring for Scientific Applications},
 booktitle = {PPoPP},
 year = {2014},
}

@InProceedings{Guhur16_SDC,
author="Guhur, Pierre-Louis
and Zhang, Hong
and Peterka, Tom
and Constantinescu, Emil
and Cappello, Franck",
title="Lightweight and Accurate Silent Data Corruption Detection in Ordinary Differential Equation Solvers",
booktitle="Euro-Par",
year="2016",
}

@inproceedings{Chen2018_SDC,
 author = {Chen, Chao and Eisenhauer, Greg and Wolf, Matthew and Pande, Santosh},
 title = {{LADR}: Low-cost Application-level Detector for Reducing Silent Output Corruptions},
 booktitle = {HPDC},
 year = {2018},
 location = {Tempe, Arizona},
 pages = {156--167},
}

@INPROCEEDINGS{Belkhale90,
    author = {Krishna P. Belkhale and Prithviraj Banerjee},
    title = {An Approximate Algorithm for the Partitionable Independent Task Scheduling Problem},
    booktitle = {ICPP},
    year = {1990},
    pages = {72--75}
}

@InProceedings{Blazewicz01,
author="Blazewicz, J.
and Machowiak, M.
and Mouni{\'e}, G.
and Trystram, D.",
title="Approximation Algorithms for Scheduling Independent Malleable Tasks",
booktitle="Euro-Par",
year="2001",
pages="191--197",
}

@inproceedings{Jansen99_PTAS,
 author = {Jansen, Klaus and Porkolab, Lorant},
 title = {Linear-time Approximation Schemes for Scheduling Malleable Parallel Tasks},
 booktitle = {SODA},
 year = {1999},
 location = {Baltimore, Maryland, USA},
 pages = {490--498},
}

@article{Jansen10_PTAS,
author = {Jansen, Klaus. and Thöle, Ralf.},
title = {Approximation Algorithms for Scheduling Parallel Jobs},
journal = {SIAM Journal on Computing},
volume = {39},
number = {8},
pages = {3571-3615},
year = {2010},
}

@inproceedings{Mounie99_sqrt3,
 author = {Mouni\'{e}, Gregory and Rapine, Christophe and Trystram, Dennis},
 title = {Efficient Approximation Algorithms for Scheduling Malleable Tasks},
 booktitle = {SPAA},
 year = {1999},
 location = {Saint Malo, France},
 pages = {23--32},
}

@inproceedings{Dutton07_ECT,
 author = {Dutton, Richard A. and Mao, Weizhen},
 title = {Online Scheduling of Malleable Parallel Jobs},
 booktitle = {PDCS},
 year = {2007},
 location = {Cambridge, Massachusetts},
 pages = {136--141},
}

@article{Havill08_SET,
  title={Competitive online scheduling of perfectly malleable jobs with setup times},
  author={Jessen T. Havill and Weizhen Mao},
  journal={European Journal of Operational Research},
  year={2008},
  volume={187},
  pages={1126-1142},
}

@article{Kell15_Improved,
 author = {Kell, Nathaniel and Havill, Jessen},
 title = {Improved Upper Bounds for Online Malleable Job Scheduling},
 journal = {J. of Scheduling},
 volume = {18},
 number = {4},
 year = {2015},
 pages = {393--410},
}

@inproceedings{Jansen12_3over2,
 author = {Jansen, Klaus},
 title = {A ($3/2+\epsilon$) Approximation Algorithm for Scheduling Moldable and Non-moldable Parallel Tasks},
 booktitle = {SPAA},
 year = {2012},
 pages = {224--235},
}
 location = {Pittsburgh, Pennsylvania, USA},


@INPROCEEDINGS{Jansen18_PTAS,
author={K. {Jansen} and F. {Land}},
booktitle={IPDPS},
title={Scheduling Monotone Moldable Jobs in Linear Time},
year={2018},
pages={172-181},
}

@article{Ye18_online,
 author = {Ye, Deshi and Chen, Danny Z. and Zhang, Guochuan},
 title = {Online Scheduling of Moldable Parallel Tasks},
 journal = {J. of Scheduling},
 volume = {21},
 number = {6},
 year = {2018},
 pages = {647--654},
}

@article{Wang92_DAG,
 author = {Wang, Qingzhou and Cheng, Kam Hoi},
 title = {A Heuristic of Scheduling Parallel Tasks and Its Analysis},
 journal = {SIAM J. Comput.},
 issue_date = {April 1992},
 volume = {21},
 number = {2},
 year = {1992},
 pages = {281--294},
}

@INPROCEEDINGS{Belkhale91_DAG,
    author = {Krishna P. Belkhale and Prithviraj Banerjee and W. Springfield Av},
    title = {A Scheduling Algorithm for Parallelizable Dependent Tasks},
    booktitle = {IPPS},
    year = {1991},
    pages = {500--506}
}

@inproceedings{Lepere01_DAG,
 author = {Lep\`{e}re, Renaud and Trystram, Denis and Woeginger, Gerhard J.},
 title = {Approximation Algorithms for Scheduling Malleable Tasks Under Precedence Constraints},
 booktitle = {ESA},
 year = {2001},
 pages = {146--157},
}

@article{Jansen06_DAG,
 author = {Jansen, Klaus and Zhang, Hu},
 title = {An Approximation Algorithm for Scheduling Malleable Tasks Under General Precedence Constraints},
 journal = {ACM Trans. Algorithms},
 volume = {2},
 number = {3},
 year = {2006},
 pages = {416--434},
}

@ARTICLE{Chen18_DAG,
author={C. {Chen}},
journal={IEEE Transactions on Parallel and Distributed Systems},
title={An Improved Approximation for Scheduling Malleable Tasks with Precedence Constraints via Iterative Method},
year={2018},
volume={29},
number={9},
pages={1937-1946},
}

@misc{mira,
  author={{Argonne Leadership Computing Facility}},
  title = {Mira log traces},
  howpublished = {https://reports.alcf.anl.gov/data/mira.html},
}

@article{Skutella98_tradeoff,
author = {Skutella, Martin},
title = {Approximation Algorithms for the Discrete Time-Cost Tradeoff Problem},
year = {1998},
volume = {23},
number = {4},
journal = {Math. Oper. Res.},
pages = {909–929},
}

@article{Du89_NPcomplete,
author = {Du, J. and Leung, J. Y.-T.},
title = {Complexity of Scheduling Parallel Task Systems},
year = {1989},
volume = {2},
number = {4},
journal = {SIAM J. Discret. Math.},
pages = {473–487},
}

@article{Chen13_concave,
author = {Chen, Chi-Yeh and Chu, Chih-Ping},
title = {A 3.42-Approximation Algorithm for Scheduling Malleable Tasks under Precedence Constraints},
year = {2013},
volume = {24},
number = {8},
journal = {IEEE Trans. Parallel Distrib. Syst.},
pages = {1479–1488},
}

@inproceedings{Jansen05_concave,
author = {Jansen, Klaus and Zhang, Hu},
title = {Scheduling Malleable Tasks with Precedence Constraints},
year = {2005},
booktitle = {SPAA},
pages = {86–95},
}

@article{Prasanna96_power,
author = {Srinivasa Prasanna, G. N. and Musicus, B. R.},
title = {The Optimal Control Approach to Generalized Multiprocessor Scheduling},
year = {1996},
address = {Berlin, Heidelberg},
volume = {15},
number = {1},
journal = {Algorithmica},
pages = {17–49},
}

@article{Chrobak06_doubling,
author = {Chrobak, Marek and Kenyon-Mathieu, Claire},
title = {SIGACT News Online Algorithms Column 10: Competitiveness via Doubling},
year = {2006},
volume = {37},
number = {4},
journal = {SIGACT News},
pages = {115–126},
}

@inproceedings{Souza04_average,
  author    = {Alexander Souza and
               Angelika Steger},
  title     = {The Expected Competitive Ratio for Weighted Completion Time Scheduling},
  booktitle = {STACS},
  pages     = {620--631},
  year      = {2004},
}

@article{Scharbrodt06_average,
author = {Scharbrodt, Mark and Schickinger, Thomas and Steger, Angelika},
title = {A New Average Case Analysis for Completion Time Scheduling},
year = {2006},
volume = {53},
number = {1},
journal = {J. ACM},
pages = {121–146},
}

@article{Koutsoupias00_average,
author = {Koutsoupias, Elias and Papadimitriou, Christos H.},
title = {Beyond Competitive Analysis},
year = {2000},
volume = {30},
number = {1},
journal = {SIAM J. Comput.},
month = apr,
pages = {300–317},
}

@article{Mohring99_stochastic,
author = {M\"{o}hring, Rolf H. and Schulz, Andreas S. and Uetz, Marc},
title = {Approximation in Stochastic Scheduling: The Power of {LP}-Based Priority Policies},
year = {1999},
volume = {46},
number = {6},
journal = {J. ACM},
pages = {924–942},
}

@article{Canon20_online,
  author    = {Louis{-}Claude Canon and
               Loris Marchal and
               Bertrand Simon and
               Fr{\'{e}}d{\'{e}}ric Vivien},
  title     = {Online Scheduling of Task Graphs on Heterogeneous Platforms},
  journal   = {{IEEE} Trans. Parallel Distributed Syst.},
  volume    = {31},
  number    = {3},
  pages     = {721--732},
  year      = {2020},
}

@article{JOHNSON96_dynamic,
author ={Theodore Johnson and Timothy A. Davis and Steven M. Hadfield},
title = {A concurrent dynamic task graph},
journal = {Parallel Computing},
volume = {22},
number = {2},
pages = {327-333},
year = {1996},
}

@INPROCEEDINGS{Agrawal10_dynamic,
  author={Agrawal, Kunal and Leiserson, Charles E. and Sukha, Jim},
  booktitle={IPDPS},
  title={Executing task graphs using work-stealing},
  year={2010},
  pages={1-12},
}

@inproceedings{Benoit22_online,
  author    = {Anne Benoit and
               Lucas Perotin and
               Yves Robert and
               Hongyang Sun},
  title     = {Online Scheduling of Moldable Task Graphs under Common Speedup Models},
  booktitle = {ICPP},
  pages     = {51:1--51:11},
  year      = {2022},
}

@article{Ullman75_NPcomplete,
  author       = {Jeffrey D. Ullman},
  title        = {NP-Complete Scheduling Problems},
  journal      = {J. Comput. Syst. Sci.},
  volume       = {10},
  number       = {3},
  pages        = {384--393},
  year         = {1975},
}
